%% This BibTeX bibliography file was created using BibDesk.
%% http://www.cs.ucsd.edu/~mmccrack/bibdesk.html
%% Created for neil at 2002-12-09 14:04:13 +1300

@inproceedings{rajan2010concurrency,
  title={Concurrency by modularity: Design patterns, a case in point},
  author={Rajan, Hridesh and Kautz, Steven M and Rowcliffe, Wayne},
  booktitle={ACM Sigplan Notices},
  volume={45},
  number={10},
  pages={790--805},
  year={2010},
  organization={ACM}
}

@article{america1989issues,
  title={Issues in the design of a parallel object-oriented language},
  author={America, Pierre},
  journal={Formal Aspects of Computing},
  volume={1},
  number={1},
  pages={366--411},
  year={1989},
  publisher={Springer}
}

@article{rinard1998design,
  title={The design, implementation, and evaluation of Jade},
  author={Rinard, Martin C and Lam, Monica S},
  journal={ACM Transactions on Programming Languages and Systems (TOPLAS)},
  volume={20},
  number={3},
  pages={483--545},
  year={1998},
  publisher={ACM}
}

@misc{mattson2004pattern,
  title={A pattern language for parallel programming},
  author={Mattson, Timothy G and Sanders, Beverly A and Massingill, Berna L},
  year={2004},
  publisher={Addison Wesley Software Patterns Series}
}

@book{lea2000concurrent,
  title={Concurrent programming in Java: design principles and patterns},
  author={Lea, Douglas},
  year={2000},
  publisher={Addison-Wesley Professional}
}

@book{yonezawa1990abcl,
  title={ABCL: an object-oriented concurrent system},
  author={Yonezawa, Akinori},
  year={1990},
  publisher={MIT press}
}

@article{blumofe1996cilk,
  title={Cilk: An efficient multithreaded runtime system},
  author={Blumofe, Robert D and Joerg, Christopher F and Kuszmaul, Bradley C and Leiserson, Charles E and Randall, Keith H and Zhou, Yuli},
  journal={Journal of parallel and distributed computing},
  volume={37},
  number={1},
  pages={55--69},
  year={1996},
  publisher={Elsevier}
}

@inproceedings{berger2009grace,
  title={Grace: Safe multithreaded programming for C/C++},
  author={Berger, Emery D and Yang, Ting and Liu, Tongping and Novark, Gene},
  booktitle={ACM Sigplan Notices},
  volume={44},
  number={10},
  pages={81--96},
  year={2009},
  organization={ACM}
}

@misc{cio_article,
  title={Why Software Testing Can't Save you From IT Disasters},
  author={Rubens, Paul},
  year={2014}
}

@phdthesis{lopes1997d,
  title={D: A language framework for distributed programming},
  author={Lopes, Cristina Isabel Videira},
  year={1997},
  school={Northeastern University}
}


@inproceedings{dig2009refactoring,
  title={Refactoring sequential Java code for concurrency via concurrent libraries},
  author={Dig, Danny and Marrero, John and Ernst, Michael D},
  booktitle={Proceedings of the 31st International Conference on Software Engineering},
  pages={397--407},
  year={2009},
  organization={IEEE Computer Society}
}

@ONLINE{panini_website,
author = {Iowa State University},
title = {The Panini Programming Language},
month = may,
year = {2014},
url = {http://paninij.org/}
}

@book{long2011implicit,
  title={Implicit invocation meets safe, implicit concurrency},
  author={Long, Yuheng and Mooney, Sean L and Sondag, Tyler and Rajan, Hridesh},
  volume={46},
  number={2},
  year={2011},
  publisher={ACM}
}

@article{charles2005x10,
  title={X10: an object-oriented approach to non-uniform cluster computing},
  author={Charles, Philippe and Grothoff, Christian and Saraswat, Vijay and Donawa, Christopher and Kielstra, Allan and Ebcioglu, Kemal and Von Praun, Christoph and Sarkar, Vivek},
  journal={Acm Sigplan Notices},
  volume={40},
  number={10},
  pages={519--538},
  year={2005},
  publisher={ACM}
}

@book{gamma1994design,
  title={Design patterns: elements of reusable object-oriented software},
  author={Gamma, Erich and Helm, Richard and Johnson, Ralph and Vlissides, John},
  year={1994},
  publisher={Pearson Education}
}